@inproceedings{paper-graph-convolution-network,
  title={Graph convolutional networks for text classification},
  author={Yao, Liang and Mao, Chengsheng and Luo, Yuan},
  booktitle={Proceedings of the AAAI conference on artificial intelligence},
  volume={33},
  number={01},
  pages={7370--7377},
  year={2019}
}
@article{paper-text-classification-algorithms,
  title={Text classification algorithms: A survey},
  author={Kowsari, Kamran and Jafari Meimandi, Kiana and Heidarysafa, Mojtaba and Mendu, Sanjana and Barnes, Laura and Brown, Donald},
  journal={Information},
  volume={10},
  number={4},
  pages={150},
  year={2019},
  publisher={MDPI}
}
@misc{dataset-r8r52ohsumed,
  title = {R8, R52 and Ohsumed datasets},
  howpublished = {\url{https://www.kaggle.com/datasets/weipengfei/ohr8r52}}
}
@misc{dataset-reuters,
  title = {Reuters-21578 Text Categorization Collection Data Set},
  howpublished = {\url{http://kdd.ics.uci.edu/databases/reuters21578/reuters21578.html}}
}
@miscr{dataset-ohsumed,
  title = {TEXT CATEGORIZATION CORPORA},
  howpublished = {\url{http://disi.unitn.it/moschitti/corpora.htm}}
}
@misc{github-code,
  title = {Github website where there is the code of this project},
  howpublished = {\url{https://github.com/caldi99/Learning-From-Network-Project}}
}
